<record><leader>00000cas a22000007a 4500</leader><controlfield tag="001">10963301</controlfield><controlfield tag="008">840718d18691873iauwr ne      0    0eng d</controlfield><datafield ind1=" " ind2=" " tag="010"><subfield code="a">sn 84027248 </subfield></datafield><datafield ind1=" " ind2=" " tag="040"><subfield code="a">NPU</subfield><subfield code="b">eng</subfield><subfield code="c">NPU</subfield><subfield code="d">INP</subfield><subfield code="d">MGN</subfield><subfield code="d">OCLCQ</subfield></datafield><datafield ind1=" " ind2=" " tag="042"><subfield code="a">msc</subfield></datafield><datafield ind1="0" ind2=" " tag="130"><subfield code="a">Messenger (Moravia, Iowa)</subfield></datafield><datafield ind1="1" ind2="4" tag="245"><subfield code="a">The messenger.</subfield></datafield><datafield ind1="3" ind2="0" tag="246"><subfield code="a">Moravia messenger</subfield></datafield><datafield ind1=" " ind2=" " tag="260"><subfield code="a">Moravia, Iowa :</subfield><subfield code="b">Cummins &amp; Walls</subfield></datafield><datafield ind1=" " ind2=" " tag="300"><subfield code="a">v. ;</subfield><subfield code="c">56 cm.</subfield></datafield><datafield ind1=" " ind2=" " tag="310"><subfield code="a">Weekly</subfield></datafield><datafield ind1="1" ind2=" " tag="362"><subfield code="a">Began in 1869? Ceased in 1873? Cf. A Bibl. of Iowa newspapers, 1836-1976.</subfield></datafield><datafield ind1=" " ind2=" " tag="500"><subfield code="a">Title listed in reference source as: Moravia messenger.</subfield></datafield><datafield ind1=" " ind2=" " tag="500"><subfield code="a">Title varies slightly.</subfield></datafield><datafield ind1=" " ind2=" " tag="588"><subfield code="a">Description based on: Vol. 2, no. 38 (Mar. 21, 1873).</subfield></datafield><datafield ind1=" " ind2=" " tag="752"><subfield code="a">United States</subfield><subfield code="b">Iowa</subfield><subfield code="c">Appanoose</subfield><subfield code="d">Moravia.</subfield></datafield><datafield ind1="0" ind2="0" tag="780"><subfield code="t">Vidette (Iconium, Iowa)</subfield></datafield><datafield ind1="0" ind2="0" tag="785"><subfield code="t">Moravia messenger</subfield><subfield code="w">(DLC)sn 95068573</subfield></datafield></record>